<record><leader>00000cas a22000007a 4500</leader><controlfield tag="001">15815513</controlfield><controlfield tag="008">870605d186118uulaucr ne      0    0eng d</controlfield><datafield ind1=" " ind2=" " tag="010"><subfield code="a">sn 87090598 </subfield></datafield><datafield ind1=" " ind2=" " tag="040"><subfield code="a">PPM</subfield><subfield code="b">eng</subfield><subfield code="c">PPM</subfield><subfield code="d">OCL</subfield><subfield code="d">LNP</subfield><subfield code="d">OCLCQ</subfield><subfield code="d">OCLCF</subfield><subfield code="d">OCLCO</subfield></datafield><datafield ind1=" " ind2=" " tag="042"><subfield code="a">msc</subfield></datafield><datafield ind1=" " ind2=" " tag="043"><subfield code="a">n-us-la</subfield></datafield><datafield ind1="0" ind2="0" tag="245"><subfield code="a">Semi-weekly delta.</subfield></datafield><datafield ind1=" " ind2=" " tag="260"><subfield code="a">New Orleans, La. :</subfield><subfield code="b">New Orleans Delta Newspaper Co.,</subfield><subfield code="c">1861-</subfield></datafield><datafield ind1=" " ind2=" " tag="310"><subfield code="a">Semiweekly</subfield></datafield><datafield ind1="1" ind2=" " tag="362"><subfield code="a">Began on Aug. 6, 1861.</subfield></datafield><datafield ind1=" " ind2=" " tag="588"><subfield code="a">Description based on: Vol. 1, no. 58 (Feb. 21, 1862).</subfield></datafield><datafield ind1=" " ind2="0" tag="651"><subfield code="a">New Orleans (La.)</subfield><subfield code="v">Newspapers.</subfield></datafield><datafield ind1=" " ind2="7" tag="655"><subfield code="a">Newspapers.</subfield><subfield code="2">fast</subfield><subfield code="0">(OCoLC)fst01423814</subfield></datafield><datafield ind1=" " ind2="7" tag="651"><subfield code="a">Louisiana</subfield><subfield code="z">New Orleans.</subfield><subfield code="2">fast</subfield><subfield code="0">(OCoLC)fst01204311</subfield></datafield><datafield ind1=" " ind2=" " tag="752"><subfield code="a">United States</subfield><subfield code="b">Louisiana</subfield><subfield code="c">Orleans</subfield><subfield code="d">New Orleans.</subfield></datafield><datafield ind1="0" ind2=" " tag="775"><subfield code="t">Daily delta (New Orleans, La. : 1857)</subfield><subfield code="w">(DLC)sn 86053714</subfield><subfield code="w">(OCoLC)14256583</subfield></datafield><datafield ind1="0" ind2=" " tag="775"><subfield code="t">Sunday delta (New Orleans, La. : 1855)</subfield><subfield code="w">(DLC)sn 83016491</subfield><subfield code="w">(OCoLC)9865415</subfield></datafield><datafield ind1="0" ind2=" " tag="775"><subfield code="t">Weekly delta (New Orleans, La. : 1857)</subfield><subfield code="w">(DLC)sn 83026409</subfield><subfield code="w">(OCoLC)10046769</subfield></datafield></record>